<record><leader>00000cas a2200000 a 4500</leader><controlfield tag="001">9289082</controlfield><controlfield tag="008">830308d183u1848maucr ne      0    0eng c</controlfield><datafield ind1=" " ind2=" " tag="010"><subfield code="a">sn 83020193 </subfield></datafield><datafield ind1=" " ind2=" " tag="040"><subfield code="a">NPX</subfield><subfield code="b">eng</subfield><subfield code="c">NPX</subfield><subfield code="d">DLC</subfield><subfield code="d">MGN</subfield><subfield code="d">OCLCQ</subfield><subfield code="d">NVF</subfield><subfield code="d">DLC</subfield><subfield code="d">OCLCQ</subfield><subfield code="d">OCLCF</subfield><subfield code="d">OCLCO</subfield></datafield><datafield ind1="1" ind2=" " tag="029"><subfield code="a">AU@</subfield><subfield code="b">000020413658</subfield></datafield><datafield ind1=" " ind2=" " tag="042"><subfield code="a">pcc</subfield></datafield><datafield ind1=" " ind2=" " tag="043"><subfield code="a">n-us-ma</subfield></datafield><datafield ind1="0" ind2="0" tag="050"><subfield code="a">Newspaper</subfield></datafield><datafield ind1="0" ind2=" " tag="130"><subfield code="a">Telegraph (Gloucester, Mass.)</subfield></datafield><datafield ind1="1" ind2="4" tag="245"><subfield code="a">The telegraph.</subfield></datafield><datafield ind1=" " ind2=" " tag="260"><subfield code="a">Gloucester, Mass. :</subfield><subfield code="b">Henry Tilden</subfield></datafield><datafield ind1=" " ind2=" " tag="300"><subfield code="a">v.</subfield></datafield><datafield ind1=" " ind2=" " tag="310"><subfield code="a">Semiweekly</subfield></datafield><datafield ind1=" " ind2=" " tag="321"><subfield code="a">Weekly,</subfield><subfield code="b">&lt;1841&gt;</subfield></datafield><datafield ind1="1" ind2=" " tag="362"><subfield code="a">Ceased in 1848.</subfield></datafield><datafield ind1=" " ind2=" " tag="500"><subfield code="a">Publisher: John S.E. Rogers, 1843-1848.</subfield></datafield><datafield ind1=" " ind2=" " tag="500"><subfield code="a">Supported Whigs until cessation of that party. Cf. Babson, J.J. Hist. of the town of Gloucester.</subfield></datafield><datafield ind1=" " ind2=" " tag="580"><subfield code="a">Weekly ed.: Cape Ann light and Gloucester telegraph, &lt;1843-1848&gt;.</subfield></datafield><datafield ind1=" " ind2=" " tag="588"><subfield code="a">Description based on: Vol. 13, no. 86 (Oct. 30, 1839).</subfield></datafield><datafield ind1=" " ind2="0" tag="651"><subfield code="a">Gloucester (Mass.)</subfield><subfield code="v">Newspapers.</subfield></datafield><datafield ind1=" " ind2="7" tag="655"><subfield code="a">Newspapers.</subfield><subfield code="2">fast</subfield><subfield code="0">(OCoLC)fst01423814</subfield></datafield><datafield ind1=" " ind2="7" tag="651"><subfield code="a">Massachusetts</subfield><subfield code="z">Gloucester.</subfield><subfield code="2">fast</subfield><subfield code="0">(OCoLC)fst01208694</subfield></datafield><datafield ind1="1" ind2=" " tag="700"><subfield code="a">Rogers, John S. E.</subfield></datafield><datafield ind1=" " ind2=" " tag="752"><subfield code="a">United States</subfield><subfield code="b">Massachusetts</subfield><subfield code="c">Essex</subfield><subfield code="d">Gloucester.</subfield></datafield><datafield ind1="1" ind2=" " tag="775"><subfield code="t">Cape Ann light and Gloucester telegraph</subfield><subfield code="w">(DLC)sn 83020194</subfield><subfield code="w">(OCoLC)9289176</subfield></datafield><datafield ind1="0" ind2="0" tag="780"><subfield code="t">Gloucester telegraph (Gloucester, Mass. : 1827)</subfield><subfield code="w">(DLC)sn 83020191</subfield><subfield code="w">(OCoLC)9287691</subfield></datafield><datafield ind1="0" ind2="0" tag="785"><subfield code="t">Gloucester telegraph (Gloucester, Mass. : 1848)</subfield><subfield code="w">(DLC)sn 83020195</subfield><subfield code="w">(OCoLC)9289330</subfield></datafield></record>